@article{o1982new,
  title={A new linear algorithm for intersecting convex polygons},
  author={O'Rourke, Joseph and Chien, Chi-Bin and Olson, Thomas and Naddor, David},
  journal={Computer Graphics and Image Processing},
  volume={19},
  number={4},
  pages={384--391},
  year={1982},
  publisher={Elsevier}
}

@online{so,
  author = {Gareth Rees},
  title = {How do you detect where two line segments intersect?},
  url = {http://stackoverflow.com/questions/563198/how-do-you-detect-where-two-line-segments-intersect},
  urldate = {2014-09-18}
}